<?xml version="1.0" encoding="UTF-8"?><collection xmlns="http://www.loc.gov/MARC21/slim"><record><leader>00475nam--2200193-u-4500</leader><controlfield tag="001">000052757</controlfield><controlfield tag="002">20161230</controlfield><controlfield tag="005">20161230201050</controlfield><controlfield tag="008">101013s1000------------r-----000-0-rus-d</controlfield><datafield ind1=" " ind2=" " tag="040"><subfield code="a">IFIN-HH</subfield></datafield><datafield ind1=" " ind2=" " tag="041"><subfield code="a">rus</subfield></datafield><datafield ind1=" " ind2=" " tag="080"><subfield code="a">534</subfield></datafield><datafield ind1="1" ind2=" " tag="100"><subfield code="a">Neimark, Iu.I</subfield></datafield><datafield ind1="1" ind2="0" tag="245"><subfield code="a">Stohasticeskie i haoticeskie kolebania</subfield><subfield code="c">Iu.I. Neimark, P.S. Landa</subfield></datafield><datafield ind1=" " ind2=" " tag="260"><subfield code="a">Moskva</subfield><subfield code="b">Nauka</subfield><subfield code="c">1987</subfield></datafield><datafield ind1=" " ind2=" " tag="300"><subfield code="a">423 p</subfield></datafield><datafield ind1="1" ind2=" " tag="700"><subfield code="a">Landa, P.C</subfield></datafield><datafield ind1=" " ind2=" " tag="852"><subfield code="a">74979</subfield><subfield code="c">534</subfield></datafield><datafield ind1=" " ind2=" " tag="CAT"><subfield code="a">Sys</subfield><subfield code="c">20101013</subfield><subfield code="h">085522</subfield></datafield></record></collection>